<record><leader>00000cas a2200000 a 4500</leader><controlfield tag="001">9675347</controlfield><controlfield tag="008">830707d185018uukyudr ne      0    0eng d</controlfield><datafield ind1=" " ind2=" " tag="010"><subfield code="a">sn 83020976 </subfield></datafield><datafield ind1=" " ind2=" " tag="040"><subfield code="a">NPX</subfield><subfield code="b">eng</subfield><subfield code="c">NPX</subfield><subfield code="d">KNP</subfield><subfield code="d">DLC</subfield><subfield code="d">OCL</subfield><subfield code="d">KNP</subfield><subfield code="d">MGN</subfield><subfield code="d">OCL</subfield><subfield code="d">OCLCQ</subfield><subfield code="d">OCLCF</subfield><subfield code="d">OCLCO</subfield></datafield><datafield ind1=" " ind2=" " tag="012"><subfield code="b">3</subfield></datafield><datafield ind1=" " ind2=" " tag="019"><subfield code="a">8803928</subfield></datafield><datafield ind1=" " ind2=" " tag="042"><subfield code="a">msc</subfield></datafield><datafield ind1=" " ind2=" " tag="043"><subfield code="a">n-us-ky</subfield></datafield><datafield ind1="0" ind2="0" tag="050"><subfield code="a">Newspaper 7885-X</subfield></datafield><datafield ind1="0" ind2="0" tag="245"><subfield code="a">Newport &amp; Covington daily news.</subfield></datafield><datafield ind1="3" ind2="0" tag="246"><subfield code="a">Newport and Covington daily news</subfield></datafield><datafield ind1="1" ind2="3" tag="246"><subfield code="a">Newport daily news</subfield></datafield><datafield ind1="1" ind2="7" tag="246"><subfield code="a">Newport &amp; Covington news</subfield></datafield><datafield ind1="3" ind2="0" tag="246"><subfield code="a">Newport and Covington news</subfield></datafield><datafield ind1=" " ind2=" " tag="260"><subfield code="a">Newport, Ky. :</subfield><subfield code="b">W.S. Bailey</subfield></datafield><datafield ind1=" " ind2=" " tag="300"><subfield code="a">v. :</subfield><subfield code="b">ill.</subfield></datafield><datafield ind1=" " ind2=" " tag="310"><subfield code="a">Daily</subfield></datafield><datafield ind1="1" ind2=" " tag="362"><subfield code="a">Began Mar. 7, 1850.</subfield></datafield><datafield ind1=" " ind2=" " tag="500"><subfield code="a">Title varies slightly.</subfield></datafield><datafield ind1=" " ind2=" " tag="588"><subfield code="a">Description based on: Vol. 1 no. 226 (Oct. 29, 1850).</subfield></datafield><datafield ind1=" " ind2="0" tag="651"><subfield code="a">Campbell County (Ky.)</subfield><subfield code="v">Newspapers.</subfield></datafield><datafield ind1=" " ind2="0" tag="651"><subfield code="a">Newport (Ky.)</subfield><subfield code="v">Newspapers.</subfield></datafield><datafield ind1=" " ind2="7" tag="655"><subfield code="a">Newspapers.</subfield><subfield code="2">fast</subfield><subfield code="0">(OCoLC)fst01423814</subfield></datafield><datafield ind1=" " ind2="7" tag="651"><subfield code="a">Kentucky</subfield><subfield code="z">Campbell County.</subfield><subfield code="2">fast</subfield><subfield code="0">(OCoLC)fst01213420</subfield></datafield><datafield ind1=" " ind2="7" tag="651"><subfield code="a">Kentucky</subfield><subfield code="z">Newport.</subfield><subfield code="2">fast</subfield><subfield code="0">(OCoLC)fst01226268</subfield></datafield><datafield ind1=" " ind2=" " tag="752"><subfield code="a">United States</subfield><subfield code="b">Kentucky</subfield><subfield code="c">Campbell</subfield><subfield code="d">Newport.</subfield></datafield><datafield ind1="0" ind2=" " tag="775"><subfield code="t">Kentucky weekly news</subfield><subfield code="w">(DLC)sn 83020977</subfield></datafield><datafield ind1="0" ind2="0" tag="780"><subfield code="t">Newport news</subfield></datafield></record>